@article{castro2020data,
  title={Data Market Platforms: Trading Data Assets to Solve Data Problems [Vision Paper]},
  author={Castro Fernandez, Raul and Subramaniam, Pranav and Franklin, Michael J},
  journal={arXiv},
  pages={arXiv--2002},
  year={2020}
}